<?xml version="1.0" encoding="UTF-8"?><collection xmlns="http://www.loc.gov/MARC21/slim"><record><leader>00419nam--2200157-u-4500</leader><controlfield tag="001">000051885</controlfield><controlfield tag="002">20161230</controlfield><controlfield tag="005">20161230201049</controlfield><controlfield tag="008">090408s1000------------r-----000-0-eng-d</controlfield><datafield ind1=" " ind2=" " tag="040"><subfield code="a">IFIN-HH</subfield></datafield><datafield ind1="1" ind2=" " tag="100"><subfield code="a">Lokshin,A.A.i Suvorova,Iu.V</subfield></datafield><datafield ind1="1" ind2="0" tag="245"><subfield code="a">Matematicheskaya Teoriya Rasprostraneniya Voln v Sredakh s Pamyatyu</subfield></datafield><datafield ind1=" " ind2=" " tag="260"><subfield code="a">Moskva</subfield><subfield code="c">1982</subfield></datafield><datafield ind1=" " ind2=" " tag="300"><subfield code="a">152 p</subfield></datafield><datafield ind1=" " ind2=" " tag="852"><subfield code="a">70706</subfield><subfield code="c">517.9</subfield></datafield><datafield ind1=" " ind2=" " tag="CAT"><subfield code="a">Sys</subfield><subfield code="c">20090408</subfield><subfield code="h">122456</subfield></datafield></record></collection>